@article{liu2024kan,
  title={KAN: Kolmogorov-Arnold Networks},
  author={Liu, Ziming and Wang, Yixuan and Vaidya, Sachin and Ruehle, Fabian and Halverson, James and Solja{\v{c}}i{\'c}, Marin and Hou, Thomas Y and Tegmark, Max},
  journal={arXiv preprint arXiv:2404.19756},
  year={2024},
  url={https://arxiv.org/abs/2404.19756}
}
